@ARTICLE{abouzar, 
author={P. Abouzar and D. G. Michelson and M. Hamdi}, 
journal={IEEE Transactions on Wireless Communications}, 
title={RSSI-Based Distributed Self-Localization for Wireless Sensor Networks Used in Precision Agriculture}, 
year={2016}, 
volume={15}, 
number={10}, 
pages={6638-6650}, 
keywords={agriculture;belief networks;message passing;wireless sensor networks;RSSI-based distributed self-localization;WSN;ad hoc on-demand distance vector;approximate inference problem;belief propagation schemes;communication overhead;message passing schedule;precision agriculture applications;received signal strength indication-based distributed Bayesian localization algorithm;route discovery phase;route reply packets;route request;spanning tree construction;wireless sensor networks;Agriculture;Approximation algorithms;Bayes methods;Loss measurement;Message passing;Schedules;Wireless sensor networks;Bayesian updates;Wireless sensor networks;distributed localization;precision agriculture;range-based localization algorithms}, 
doi={10.1109/TWC.2016.2586844}, 
ISSN={1536-1276}, 
month={Oct},}

@ARTICLE{zhou, 
author={L. Zhou and N. Chen and Z. Chen and C. Xing}, 
journal={IEEE Journal of Selected Topics in Applied Earth Observations and Remote Sensing}, 
title={ROSCC: An Efficient Remote Sensing Observation-Sharing Method Based on Cloud Computing for Soil Moisture Mapping in Precision Agriculture}, 
year={2016}, 
volume={9}, 
number={12}, 
pages={5588-5598}, 
keywords={Web services;agriculture;cloud computing;data handling;geophysics computing;moisture;remote sensing;soil;Apache Hadoop;China;EOD storage;Earth observation data;GF-1;Hubei province;MongoDB;ROSCC framework;Remote Sensing Observation Sharing Method based on Cloud Computing;Web processing service tier;Yangtze river;cloud computing-enabled sensor observation service;data processing;data source;distributed database tier;precision agriculture;remote sensing images;remote sensing observation storage;service capability;soil moisture mapping;Agriculture;Cloud computing;Distributed databases;Earth;Remote sensing;Servers;Soil moisture;Cloud computing;earth observation data (EOD) sharing enhancement;precision agriculture (PA);sensor observation service (SOS)}, 
doi={10.1109/JSTARS.2016.2574810}, 
ISSN={1939-1404}, 
month={Dec},}

@ARTICLE{lozoya, 
author={C. Lozoya and A. Aguilar and C. Mendoza}, 
journal={IEEE Latin America Transactions}, 
title={Service Oriented Design Approach for a Precision Agriculture Datalogger}, 
year={2016}, 
volume={14}, 
number={4}, 
pages={1683-1688}, 
keywords={actuators;agriculture;crops;data acquisition;data loggers;natural resources;sensors;service-oriented architecture;soil;actuators;agricultural automation requirements;automation techniques;continuous data acquisition;crop variables;environmental variables;modular data-acquisition system;natural resources optimization;precision agriculture datalogger;productivity;sensors;service oriented design approach;soil variables;Agriculture;Biomedical monitoring;Ground penetrating radar;Hardware;Monitoring;Sensors;Software;data acquisition;data-logger;precision agriculture;service oriented architecture;wireless sensor network}, 
doi={10.1109/TLA.2016.7483501}, 
ISSN={1548-0992}, 
month={April},}

@ARTICLE{yin, 
author={S. Yin and L. Liu and R. Zhou and Z. Sun and S. Wei}, 
journal={China Communications}, 
title={Design of wireless multi-media sensor network for precision agriculture}, 
year={2013}, 
volume={10}, 
number={2}, 
pages={71-88}, 
keywords={wireless sensor networks; wireless communication; system-on-a-chip; power reiability; agriculture; multimedia communication; precision engineering; low-power design; reliable transmission}, 
doi={10.1109/CC.2013.6472860}, 
ISSN={1673-5447}, 
month={March},}

@ARTICLE{heo, 
author={Y. J. Heo and S. M. Oh and W. S. Chin and J. W. Jang}, 
journal={Future Internet of Things and Cloud (FiCloud)}, 
title={A Lightweight Platform Implementation for Internet of Things}, 
year={2015},
pages={526-531}, 
keywords={context; Internet of things; Node.js; lightweight; visualization; virtualization}, 
doi={10.1109/FiCloud.2015.29}, 
ISSN={1555-6719}, 
month={Aug},}

@ARTICLE{poulter, 
author={A. J. Poulter and S. J. Johnston and S. J. Cox},
journal={IEEE World Forum on Internet of Things}, 
title={Using the MEAN Stack to Implement a RESTful Service for an Internet of Things
Application}, 
year={2015},
keywords={Node.js; Internet of Things; IoT; REST; MEAN; web programming; MongoDb; Express.js; Angular.js}, 
doi={10.1109/WF-IoT.2015.7389066}, 
ISSN={1572-9204}, 
month={Dec},}

@ARTICLE{chaniotis, 
author={I. K. Chaniotis and K. D. Kyriakou and N. D. Tselikas}, 
journal={Computing}, 
title={Is Node.js a viable option for building modern web applications? A performance evaluation study}, 
year={2015}, 
volume={97}, 
number={10}, 
pages={1023-1044 }, 
keywords={node.js; end-to-end javaScript; webSockets; webRTC;  real-time web software performance evaluation}, 
doi={10.1109/CC.2013.6472860}, 
ISSN={1673-5447}, 
month={Oct},}

@ARTICLE{flores, 
author={K. O. Flores and I. M. Butaslac and J. E. M. Gonzales and S. M. G. Dumlao and R. S. J. Reyes}, 
journal={IEEE Region 10 Conference (TENCON)}, 
title={Precision Agriculture Monitoring System using Wireless Sensor Network and Raspberry Pi Local Server}, 
year={2016},
pages={3018-3021}, 
keywords={wireless sensor networks; precision agriculture}, 
doi={10.1109/TENCON.2016.7848600}, 
ISSN={2159-3450}, 
month={Nov},}

@article{intel,
 organization = {Intel},
 title    = {DOCUMENTAÇÃO DO MÓDULO INTEL® EDISON},
 year = {2018},
 urlaccessdate = {12 mai. 2018},
 url= {https://software.intel.com/pt-br/iot/hardware/edison/documentation},
}

@article{node,
 organization = {Node.js Foundation},
 title    = {About Node.js},
 year = {2018},
 urlaccessdate = {15 jan. 2018},
 url= {https://nodejs.org/en/about/},
}

@article{angular,
 organization   = {Google, Inc},
 title    = {AngularJS - Superheroic JavaScript MVW Framework},
 year = {2018},
 urlaccessdate =  {29 mar. 2018},
 url= {https://angularjs.org/},
}

@article{bootstrap,
 author   = {Bootsrap},
 title    = {Getting started},
 year = {2018},
 urlaccessdate = {15 jan. 2018},
 url= {http://getbootstrap.com/getting-started/},
}

@article{arduino,
 organization   = {Arduino AG},
 title    = {Getting Started with Arduino and Genuino products},
 year = {2018},
 urlaccessdate = {15 nov. 2017},
 url= {https://www.arduino.cc/en/Guide/HomePage},
}

@article{raspberry,
 organization   = {RASPBERRY PI FOUNDATION},
 title    = {ABOUT US},
 year = {2018},
 urlaccessdate = {15 nov. 2017},
 url= {https://www.raspberrypi.org/about/},
}

@article{photon,
 author   = {Zach Supalla},
 title    = {Introduction to the Guide},
 year = {2018},
 urlaccessdate = {15 nov. 2017},
 url= {https://docs.particle.io/guide/getting-started/intro/photon/},
}

@article{express,
 organization = {Node.js Foundation},
 title    = {Home},
 year = {2018},
 urlaccessdate = {07 mai. 2018},
 url= {http://expressjs.com},
}

@article{mongodb,
 organization = {MongoDB, Inc},
 title    = {What is MongoDB?},
 year = {2018},
 urlaccessdate = {18 mai. 2018},
 url= {https://www.mongodb.com/what-is-mongodb},
}

@article{mean,
 organization = {Mean.io},
 title    = {Home},
 year = {2018},
 urlaccessdate = {21 mar. 2018},
 url= {http://mean.io/},
}

@article{libuv,
 organization = {libuv contributors},
 title    = {libuv documentation},
 year = {2018},
 urlaccessdate = {21 mar. 2018},
 url= {http://docs.libuv.org/en/v1.x/},
}

@article{mvc,
 organization = {Microsoft},
 title    = {Model-View-Controller},
 year = {2018},
 urlaccessdate ={21 jan. 2018},
 hurl= {https://msdn.microsoft.com/en-us/library/ff649643.aspx},
}

@article{mongoose,
 organization = {LearnBoost},
 title    = {Mongoose ODM},
 year = {2018},
 urlaccessdate = {13 mar. 2018},
 url= {http://mongoosejs.com/},
}

@article{json,
 organization = {JSON.org},
 title    = {Introducing JSON},
 year = {2018},
 urlaccessdate = {23 nov. 2017},
 url= {http://json.org},
}

@article{gcharts,
 organization = {Google, Inc},
 title    = {Charts | Google Developers},
 year = {2018},
 urlaccessdate = {12 mai. 2018},
 url= {https://developers.google.com/chart/},
}

@misc{gedison,
 author = {Intel},
 title    = {Hardware Guide - Intel® Edison Compute Module},
 year = {2018},
 urlaccessdate = {8 mar. 2018},
howpublished={\url{http://download.intel.com/support/edison/sb/edisonmodule_hg_331189004.pdf}},
}

@misc{mqtt,
 organization = {IBM},
 title    = {Conhecendo o MQTT},
 year = {2018},
 urlaccessdate = {19 mai. 2018},
howpublished={\url{https://www.ibm.com/developerworks/br/library/iot-mqtt-why-good-for-iot/index.html}},
}

@article{socketio,
 organization = {Socket.IO},
 title    = {Socket.IO Documentation},
 year = {2018},
 urlaccessdate = {19 mai. 2018},
 url= {https://socket.io/docs/},
}

@Book{pereira,
 author   = {C. R. Pereira},
 title    = {Node. js: Aplicações Web Real-Time com Node. js},
 publisher= {Casa do Código},
 edition  = {Primeira},
 year     = {2013},
}

@article{Lee,
title = "The Internet of Things (IoT): Applications, investments, and challenges for enterprises",
journal = "Business Horizons",
volume = "58",
number = "4",
pages = "431 - 440",
year = "2015",
issn = "0007-6813",
doi = "https://doi.org/10.1016/j.bushor.2015.03.008",
url = "http://www.sciencedirect.com/science/article/pii/S0007681315000373",
author = "In Lee and Kyoochun Lee",
keywords = "Cloud computing, Internet of Things, Radio frequency identification, Real options, Supply chain management"
}

@ARTICLE{Kansakar, 
author={P. Kansakar and A. Munir}, 
journal={IEEE Transactions on Emerging Topics in Computing}, 
title={Selecting Microarchitecture Configuration of Processors for Internet of Things (IoT)}, 
year={2018}, 
volume={}, 
number={}, 
pages={1-1}, 
keywords={Design methodology;Ecosystems;Internet of Things;Microarchitecture;Program processors;Sensors;Space exploration;Internet of Things (IoT);PARSEC and SPLASH2 benchmarks;cycle-accurate simulator (ESESC);design space exploration;microarchitecture;tunable processor parameters}, 
doi={10.1109/TETC.2018.2817923}, 
ISSN={}, 
month={},}

@INPROCEEDINGS{Al-Qaseemi, 
author={S. A. Al-Qaseemi and H. A. Almulhim and M. F. Almulhim and S. R. Chaudhry}, 
booktitle={2016 Future Technologies Conference (FTC)}, 
title={IoT architecture challenges and issues: Lack of standardization}, 
year={2016}, 
volume={}, 
number={}, 
pages={731-738}, 
keywords={Internet of Things;standardisation;Internet of Things;IoT architecture;connected things heterogeneity;standardization;IoT;IoT Architecture;IoT Standardization;Machine to Machine (M2M);Thread and 6LoPAN}, 
doi={10.1109/FTC.2016.7821686}, 
ISSN={}, 
month={Dec},}

@ARTICLE{Al-Ali, 
author={A. R. Al-Ali and I. A. Zualkernan and M. Rashid and R. Gupta and M. Alikarar}, 
journal={IEEE Transactions on Consumer Electronics}, 
title={A smart home energy management system using IoT and big data analytics approach}, 
year={2017}, 
volume={63}, 
number={4}, 
pages={426-434}, 
keywords={Big Data;HVAC;IP networks;Internet;Internet of Things;building management systems;competitive intelligence;data acquisition;data analysis;energy conservation;energy consumption;energy management systems;home automation;power consumption;power engineering computing;system-on-chip;Business Intelligence software packages;EMS;IoT object;big data analytics approach;commercial sectors;consumer demand;data acquisition module;energy consumption data;energy demand;home device;industrial sectors;residential area HVAC systems1;residential sectors;smart home energy management system;system-on-chip module;Big Data;Energy management;Monitoring;Sensors;Servers;Smart homes;Wireless sensor networks;Business Intelligence;Data Analytics;Energy Management System;HVAC;Internet of Things;MQTT;System on Chip.}, 
doi={10.1109/TCE.2017.015014}, 
ISSN={0098-3063}, 
month={November},}

@INPROCEEDINGS{Guang, 
author={N. L. L. Guang and T. Logenthiran and K. Abidi}, 
booktitle={2017 IEEE PES Asia-Pacific Power and Energy Engineering Conference (APPEEC)}, 
title={Application of Internet of Things (IoT) for home energy management}, 
year={2017}, 
volume={}, 
number={}, 
pages={1-6}, 
keywords={IP networks;Internet of Things;building management systems;routing protocols;wireless sensor networks;Arduino boards;Internet of Things;IoT;RPL protocol;Singapore smart nation initiative;Smart Cities;Tmote sensors;area border router;desired power value;external IPv6 value;home energy management;sensor nodes;simulation model;smart home network;smart home prototype model;total energy consumption;Intelligent sensors;Internet of Things;Protocols;Wireless fidelity;ZigBee;Arduino;Cooja;IoT Protocol;Sensors;Smart Home;Smart Nation}, 
doi={10.1109/APPEEC.2017.8308962}, 
ISSN={}, 
month={Nov},}

@Article{Sharif2018,
author="Sharif, Abida
and Li, Jian Ping
and Sharif, Muhammad Irfan",
title="Internet of Things network cognition and traffic management system",
journal="Cluster Computing",
year="2018",
month="Jan",
day="12",
abstract="In a world of ever increasing technological diversity and an advancing `Internet of Things' (IoTs), business landscapes are changing. New conditions alter the way in which competence resources are regarded and how they need to be managed in order for organizations to sustain as successful actors in a knowledge economy. Information technology play an important role in this new setting, including network management systems for handling information concerning competence resources. This research focus on smart IoTs traffic management system, which is advertised by minimal cost, long scalability, great compatibility, easy to promote, to replace conventional traffic management system and the proposed approach can develop public road traffic enormously. The aim of this research proposed to develop an IoT public traffic adaptive detection system and proficient of supposing the travel time associated with each street sector based on the traffic information streamlined every 18 s, which sequentially finds the path with the minimal travel time in the traffic network by using a dynamic procedure.",
issn="1573-7543",
doi="10.1007/s10586-018-1722-1",
url="https://doi.org/10.1007/s10586-018-1722-1"
}


@article{dsDHT11,
 organization = {Aosong Electronics Co.},
 title    = {Datasheet do sensor DHT11},
 urlaccessdate = {18 mai. 2018},
 year = {2018},
 url={http://img.filipeflop.com/files/download/Datasheet_DHT11.pdf},
}

@book{batchelor1997precision,
  title={Precision agriculture: introduction to precision agriculture},
  author={Batchelor, Bill},
  year={1997},
  address={Iowa State University},
  publisher ={University Extension}
}

@Article{Geetha2017,
author="Geetha, S.
and Gouthami, S.",
title="Internet of things enabled real time water quality monitoring system",
journal="Smart Water",
year="2017",
month="Jul",
day="27",
volume="2",
number="1",
pages="1",
abstract="Smart solutions for water quality monitoring are gaining importance with advancement in communication technology. This paper presents a detailed overview of recent works carried out in the field of smart water quality monitoring. Also, a power efficient, simpler solution for in-pipe water quality monitoring based on Internet of Things technology is presented. The model developed is used for testing water samples and the data uploaded over the Internet are analyzed. The system also provides an alert to a remote user, when there is a deviation of water quality parameters from the pre-defined set of standard values.",
issn="2198-2619",
doi="10.1186/s40713-017-0005-y",
url="https://doi.org/10.1186/s40713-017-0005-y"
}

@article{Tzounis,
author = {AntonisTzounis and Nikolaos Katsoulasa and Thomas Bartzanas and Constantinos Kittas},
title = "Internet of Things in agriculture, recent advances and future challenges",
journal = "Biosystems Engineering",
volume = "164",
pages = "31 - 48",
year = "2017",
issn = "1537-5110",
doi = "https://doi.org/10.1016/j.biosystemseng.2017.09.007",
url = "http://www.sciencedirect.com/science/article/pii/S1537511017302544",
author = "Antonis Tzounis and Nikolaos Katsoulas and Thomas Bartzanas and Constantinos Kittas",
keywords = "Internet of things, RFID, Cloud, Wireless sensor networks, Food supply chain"
}

@Article{Pastor,
AUTHOR = {Ferrández-Pastor, Francisco Javier and García-Chamizo, Juan Manuel and Nieto-Hidalgo, Mario and Mora-Pascual, Jerónimo and Mora-Martínez, José},
TITLE = {Developing Ubiquitous Sensor Network Platform Using Internet of Things: Application in Precision Agriculture},
JOURNAL = {Sensors},
VOLUME = {16},
YEAR = {2016},
NUMBER = {7},
URL = {http://www.mdpi.com/1424-8220/16/7/1141},
ISSN = {1424-8220},
ABSTRACT = {The application of Information Technologies into Precision Agriculture methods has clear benefits. Precision Agriculture optimises production efficiency, increases quality, minimises environmental impact and reduces the use of resources (energy, water); however, there are different barriers that have delayed its wide development. Some of these main barriers are expensive equipment, the difficulty to operate and maintain and the standard for sensor networks are still under development. Nowadays, new technological development in embedded devices (hardware and communication protocols), the evolution of Internet technologies (Internet of Things) and ubiquitous computing (Ubiquitous Sensor Networks) allow developing less expensive systems, easier to control, install and maintain, using standard protocols with low-power consumption. This work develops and test a low-cost sensor/actuator network platform, based in Internet of Things, integrating machine-to-machine and human-machine-interface protocols. Edge computing uses this multi-protocol approach to develop control processes on Precision Agriculture scenarios. A greenhouse with hydroponic crop production was developed and tested using Ubiquitous Sensor Network monitoring and edge control on Internet of Things paradigm. The experimental results showed that the Internet technologies and Smart Object Communication Patterns can be combined to encourage development of Precision Agriculture. They demonstrated added benefits (cost, energy, smart developing, acceptance by agricultural specialists) when a project is launched.},
DOI = {10.3390/s16071141}
}

@Misc{espressif,
 title = {Espressif Systems - Wi-Fi and Bluetooth chipsets and solutions},
 organization = {Espressif Systems},
 year={2016},
 urlaccessdate = {18 mai. 2018},
 url={https://espressif.com},
}

@Misc{esp8266datasheet,
author = {Espressif Systems},
 title    = {ESP8266 Datasheet},
 year={2017},
 urlaccessdate = {18 mai. 2018},
 howpublished={\url{http://espressif.com/sites/default/files/documentation/0a-esp8266ex_datasheet_en.pdf}},
}

@article{fraisse1998agricultura,
  title={Agricultura de precis{\~a}o: a tecnologia de GIS/GPS chega {\`a}s fazendas},
  author={FRAISSE, CW and Faoro, L},
  journal={Revista Fator GIS, Curitiba},
  number={21},
  pages={28--33},
  year={1998}
}

@Misc{iottheguartian,
 author   = {Nicole Kobie},
 title    = {What is the internet of things?},
 year= {2015},
 urlaccessdate   = {14  mai. 2017},
 url = {https://www.theguardian.com/technology/2015/may/06/what-is-the-internet-of-things-google},
}

@Misc{esp8266nurdspace,
 organization = {Never Underestimate Real Development spaces (NURDs)},
 title    = {ESP8266 Nurdspace},
 year={2016},
 urlaccessdate  = {18 mai. 2018},
 url = {https://nurdspace.nl/ESP8266},
}

@article{roza2000novidade,
  title={Novidade no campo: Geotecnologias renovam a agricultura},
  author={Roza, D},
  journal={Revista InfoGEO, n},
  year={2000}
}

@ARTICLE{DWMSNPA,
title={Design of Wireless Multi-media Sensor Network for Precision Agriculture},
author={YIN Shouyi and LIU Leibo and ZHOU Renyan and SUN Zhongfu and WEI Shaojun},
journal={China Communications},
year={2013},
month={February},
volume={10},
number={2},
pages={71-88},
keywords={precision agriculture; wireless sensor network; low-power design; reliable transmission},
doi={10.1109/CC.2013.6472860},
ISSN={1673-5447}, }

@Misc{internettoaster,
 author  = {William Stewart},
 title    = {The Internet Toaster},
 year={2015},
 urlaccessdate   = {14  mai. 2017},
 url={http://www.livinginternet.com/i/ia_myths_toast.htm},
}

@ARTICLE{IAPCV,
title={Introdução à Agricultura de Precisão: Conceitos e Vantagens},
author={Mauro Tschiedel and Mauro Fernando Ferreira},
journal={Ciência Rural},
year={2002},
month={February},
volume={32},
number={1},
pages={159-163},
keywords={agricultura de precisão, SIG, GPS},
doi={10.1590/S0103-84782002000100027},
ISSN={1678-4596}, }

@Misc{IBM_MQTT,
 author = {Michael Yuan},
 title    = {Conhecendo o MQTT},
 year = {2018},
 urlaccessdate = {18 mai. 2018},
 url= {https://www.ibm.com/developerworks/br/library/iot-mqtt-why-good-for-iot/index.html},
}

@Misc{cloudMQTT,
 author = {CloudMQTT},
 title    = {Documentation Getting started},
 year = {2018},
 urlaccessdate = {18 mai. 2018},
 howpublished={\url{https://www.cloudmqtt.com/docs.html}},
}


@Misc{CNA_PIB,
 author = {Ney Ibrahim},
 title    = {CNA Brasil - Agro maduro e moderno},
 year = {2018},
 urlaccessdate = {13 jun. 2018},
 url= {http://www.cnabrasil.org.br/artigos/agro-maduro-e-moderno},
}

@ARTICLE{SAI,
title={Sistema Automático de Irrigação},
author={Danilo Eduardo Lastória da Silva},
year={2010},
keywords={Sensor de umidade, Controle, Sistema de irrigação, Software, Hardware},
}

@ARTICLE{SACSI,
title={Sistema de Automação e Controle de um Sistema de Irrigação},
author={Manuella Thereza Pereira Pouso},
journal={Irriga},
year={2012},
keywords={Automação, irrigação de precisão, transferência de tecnologia},
}

@ARTICLE{IAPDAHD,
title={Irrigação Automatizada com Plataforma de Desenvolvimento Arduino na Horta Didática da Universidade Federal do Ceará},
author={David Ribeiro Lino and Benedito Pereira Lima Neto and Larissa Lima de Queiroz and Patrini Barreto Feitosa and Amnon Amoglia Rodrigues and Adunias dos Santos Teixeira},
journal={Irriga},
year={2017},
month={September},
volume={1},
number={1},
pages={85-93},
keywords={Automação, irrigação de precisão, transferência de tecnologia},
doi={10.15809/irriga.2017v1n1p85-93},
ISSN={1808-8546}, }

% -------------------------------- LEONARDO ---------------------------------------

@INPROCEEDINGS{Al-Qaseemi, 
author={S. A. Al-Qaseemi and H. A. Almulhim and M. F. Almulhim and S. R. Chaudhry}, 
booktitle={2016 Future Technologies Conference (FTC)}, 
title={IoT architecture challenges and issues: Lack of standardization}, 
year={2016}, 
pages={731-738}, 
keywords={Internet of Things;standardisation;Internet of Things;IoT architecture;connected things heterogeneity;standardization;IoT;IoT Architecture;IoT Standardization;Machine to Machine (M2M);Thread and 6LoPAN}, 
doi={10.1109/FTC.2016.7821686}, 
month={Dec},}

@inproceedings{Moore,
 author = {Moore, John and Kortuem, Gerd and Smith, Andrew and Chowdhury, Niaz and Cavero, Jose and Gooch, Daniel},
 title = {DevOps for the Urban IoT},
 booktitle = {Proceedings of the Second International Conference on IoT in Urban Space},
 series = {Urb-IoT '16},
 year = {2016},
 isbn = {978-1-4503-4204-9},
 location = {Tokyo, Japan},
 pages = {78--81},
 numpages = {4},
 url = {http://doi.acm.org/10.1145/2962735.2962747},
 doi = {10.1145/2962735.2962747},
 acmid = {2962747},
 publisher = {ACM},
 address = {New York, NY, USA},
 keywords = {DevOps, EV Mobility, Smart City, Solar Energy, Urban IoT},
}

@inproceedings{Chen,
 author = {Chen, Lien-Wu and Syue, Kun-Ze and Tseng, Yu-Chee},
 title = {A Vehicular Surveillance and Sensing System for Car Security and Tracking Applications},
 booktitle = {Proceedings of the 9th ACM/IEEE International Conference on Information Processing in Sensor Networks},
 series = {IPSN '10},
 year = {2010},
 isbn = {978-1-60558-988-6},
 location = {Stockholm, Sweden},
 pages = {426--427},
 numpages = {2},
 url = {http://doi.acm.org/10.1145/1791212.1791288},
 doi = {10.1145/1791212.1791288},
 acmid = {1791288},
 publisher = {ACM},
 address = {New York, NY, USA},
 keywords = {burglarproof, surveillance, vehicle tracking},
} 

@INPROCEEDINGS{Barcelos, 
author={V. P. Barcelos and T. C. Amarante and C. D. Drury and L. H. A. Correia}, 
booktitle={2014 Brazilian Symposium on Computer Networks and Distributed Systems}, 
title={Vehicle Monitoring System Using IEEE 802.11p Devices}, 
year={2014}, 
pages={460-467}, 
keywords={Android (operating system);computer networks;road traffic;vehicular ad hoc networks;wireless LAN;Android application;GPS location;IEEE 802.11p devices;VANET;communication device actual operation;engine status;server application;vehicle monitoring system;vehicle speed;vehicular ad hoc networks;Androids;Global Positioning System;Hardware;Humanoid robots;Monitoring;Software;Vehicular ad hoc networks}, 
doi={10.1109/SBRC.2014.55}, 
month={May},}

@inproceedings{Xu,
 author = {Xu, Miao and Xu, Wenyuan and Walker, Jesse and Moore, Benjamin},
 title = {Lightweight Secure Communication Protocols for In-vehicle Sensor Networks},
 booktitle = {Proceedings of the 2013 ACM Workshop on Security, Privacy \&\#38; Dependability for Cyber Vehicles},
 series = {CyCAR '13},
 year = {2013},
 isbn = {978-1-4503-2487-8},
 location = {Berlin, Germany},
 pages = {19--30},
 numpages = {12},
 url = {http://doi.acm.org/10.1145/2517968.2517973},
 doi = {10.1145/2517968.2517973},
 acmid = {2517973},
 publisher = {ACM},
 address = {New York, NY, USA},
 keywords = {secure protocols, spoofing, tpms, tracking},
}

@ARTICLE{Lozoya, 
author={C. Lozoya and A. Aguilar and C. Mendoza}, 
journal={IEEE Latin America Transactions}, 
title={Service Oriented Design Approach for a Precision Agriculture Datalogger}, 
year={2016}, 
volume={14}, 
number={4}, 
pages={1683-1688}, 
keywords={actuators;agriculture;crops;data acquisition;data loggers;natural resources;sensors;service-oriented architecture;soil;actuators;agricultural automation requirements;automation techniques;continuous data acquisition;crop variables;environmental variables;modular data-acquisition system;natural resources optimization;precision agriculture datalogger;productivity;sensors;service oriented design approach;soil variables;Agriculture;Biomedical monitoring;Ground penetrating radar;Hardware;Monitoring;Sensors;Software;data acquisition;data-logger;precision agriculture;service oriented architecture;wireless sensor network}, 
doi={10.1109/TLA.2016.7483501}, 
ISSN={1548-0992}, 
month={April},}

@Misc{arduino,
 organization   = {Arduino AG},
 title    = {Getting Started with Arduino and Genuino products},
 note     = {Último acesso em 15/1/2017},
 howpublished= {\url{https://www.arduino.cc/en/Guide/HomePage}},
 year = {2016}
}

@Misc{raspberry,
 organization   = {RASPBERRY PI FOUNDATION},
 title    = {ABOUT US},
 note     = {Último acesso em 15/1/2017},
 howpublished= {\url{https://www.raspberrypi.org/about/}},
  year = {2016}
}

@Misc{photon,
 author   = {Zach Supalla},
 title    = {Introduction to the Guide},
 note     = {Último acesso em 15/1/2017},
 howpublished= {\url{https://docs.particle.io/guide/getting-started/intro/photon/}},
  year = {2016}
}

@Misc{node,
 organization = {Node.js Foundation},
 title    = {About Node.js},
 note     = {Último acesso em 15/1/2017},
 howpublished= {\url{https://nodejs.org/en/about/}},
}

@Misc{angular,
 organization   = {Google, Inc},
 title    = {The Basics},
 note     = {Último acesso em 15/1/2017},
 howpublished= {\url{https://angularjs.org/}},
}

@Misc{bootstrap,
 author   = {Mark Otto},
 title    = {Getting started},
 note     = {Último acesso em 15/1/2017},
 howpublished= {\url{http://getbootstrap.com/getting-started/}},
}

@ARTICLE{zigbee, 
journal={IEEE Approved Std P802.15.4a/D7, Jan 2007}, 
title={Approved IEEE Draft Amendment to IEEE Standard for Information Technology-Telecommunications and Information Exchange Between Systems-Part 15.4:Wireless Medium Access Control (MAC) and Physical Layer (PHY) Specifications for Low-Rate Wireless Personal Area Networks (LR-WPANS): Amendment to Add Alternate Phy (Amendment of IEEE Std 802.15.4)}, 
year={2007}, 
pages={}, 
month={},}

@INPROCEEDINGS{Hoang, 
author={Trong-Minh Hoang and Van-Truong Nguyen and Nhu-Giap Nguyen and Tuan-Nguyen Lang}, 
booktitle={2017 International Conference on Information Networking (ICOIN)}, 
title={Analysing the performance of unslotted sensor networks based on the IEEE 802.15.4 employed EIED algorithm}, 
year={2017}, 
pages={682-685}, 
keywords={IEEE 802.15 Standard;Niobium;EIED back-off algorithm;Wireless sensor networks;analytical model;energy;throughput}, 
doi={10.1109/ICOIN.2017.7899582}, 
month={Jan},}


@article{barbacena1996display,
  title={DISPLAY LCD},
  author={Barbacena, Ilton L and Fleury, Claudio Afonso},
  year={1996}
}

@article{ethernet,
  title={Estudo de caso: Utiliza{\c{c}}{\~a}o do Arduino para um Sistema de Controle remoto de dispositivos via internet},
  author={Tolentino, Guilherme CA and Tsukamoto, Douglas B and Nomura, Shigueo},
  journal={Uberl{\^a}ndia MG}
}

@article{rfid,
  title={An introduction to RFID technology},
  author={Want, Roy},
  journal={IEEE pervasive computing},
  volume={5},
  number={1},
  pages={25--33},
  year={2006},
  publisher={IEEE}
}
@misc{arduino,
  title = {What is Arduino?},
  howpublished = {\url{https://www.arduino.cc/en/Guide/Introduction}},
  note = {Accessed: 2017-11-11},
  year = {2017}
}

@article{cod_aberto,
  title={SysGran: um sistema de c{\'o}digo aberto para an{\'a}lises granulom{\'e}tricas do sedimento},
  author={De Camargo, Mauricio Garcia},
  journal={Revista Brasileira de Geoci{\^e}ncias},
  volume={36},
  number={2},
  pages={371--378},
  year={2016}
}

@article{atmel,
  title={Monitoramento, aquisi{\c{c}}{\~a}o e controle de sinais el{\'e}tricos, via web, utilizando microcontroladores},
  author={Silva, Juarez Bento da and others},
  year={2002},
  publisher={Florian{\'o}polis, SC}
}

@article{cpp,
  title={The C++//language},
  author={Caromel, Denis and Belloncle, Fabrice and Roudier, Yves},
  year={1996},
  publisher={Citeseer}
}

@misc{mqtt,
  title = {Problemas no transporte público},
  howpublished = {\url{https://veja.abril.com.br/brasil/paulistano-passa-em-media-1-mes-e-meio-no-transito-por-ano/}},
  note = {Acessado em: 11-03-2018},
  year = {2017}
}

@online{veja_tempo_sp,
  author = {Rodolfo Alves Pena},
  title = {Problemas no transporte público},
  year = 2016,
  url = {https://veja.abril.com.br/brasil/paulistano-passa-em-media-1-mes-e-meio-no-transito-por-ano/},
  note = {Acessado em: 11-03-2018},
  urldate = {2018-03-11}
}

@book{Hintz:1992:MAP:573880,
 author = {Hintz, Kenneth J.},
 editor = {Tabak, Daniel},
 title = {Microcontrollers: Architecture,Implementation,and Programming},
 year = {1992},
 isbn = {0070289778},
 edition = {1st},
 publisher = {McGraw-Hill Professional},
} 

@online{xbee,
  author = {Digi International Inc.},
  title = {DIGI XBEE/RF SOLUTIONS},
  year = 2018,
  url = {https://www.digi.com/products/xbee-rf-solutions},
  note = {Acessado em: 11-03-2018},
  urldate = {2018-03-11}
}

@online{sim800l,
  author = {SIMCom},
  title = {SIM800_Hardware Design_V1.08 },
  year = 2015,
  url = {http://simcom.ee/documents/SIM800/SIM800_Hardware%20Design_V1.08.pdf},
  note = {Acessado em: 11-03-2018},
  urldate = {2015-03-05}
}

@online{painelsolar,
  author = { Libelium Comunicaciones Distribuidas S.L.},
  title = {Solar Module for Arduino},
  year = 2018,
  url = {https://www.cooking-hacks.com/documentation/tutorials/arduino-solar/},
  note = {Acessado em: 11-03-2018},
  urldate = {2018-03-11}
}

@online{ref:sd,
  author = {Autor desconhecido},
  title = {Ler e escrever no SD card com Arduino},
  year = 2018,
  url = {http://www.dobitaobyte.com.br/ler-e-escrever-no-sd-card-com-arduino/},
  note = {Acessado em: 11-03-2018},
  urldate = {2018-03-11}
}

@online{ref:arduino,
  author = {Arduino},
  title = {ARDUINO UNO REV3},
  year = 2018,
  url = {https://store.arduino.cc/usa/arduino-uno-rev3},
  note = {Acessado em: 11-03-2018},
  urldate = {2018-03-11}
}

@phdthesis{marcos,
address={Ilha Solteira},
author={Marcos Antônio Estremote},
pages={112},
pagename={f.},
school={Faculdade de Engenharia de Ilha Solteira, Universidade Estadual Paulista},
title={Gerenciamento de memória através da utilização de tabelas de dispersão em um módulo híbrido com suporte ao protocolo CAN (Controller Area NetWork) e ao padrão 802.15.4
ZigBee para comunicação de redes de sensores sem fio},
type={Doutorado em Engenharia Elétrica},
year={2017}}

%%%%%%%%%%%%%%%%%%%%%%%%%%%%%%%%%%%%%%%%%%%%%%%%%%%%%%%%%%%%%%%%

@ARTICLE{Moore, 
author={G. E. Moore}, 
journal={IEEE Solid-State Circuits Society Newsletter}, 
title={Cramming more components onto integrated circuits, Reprinted from Electronics, volume 38, number 8, April 19, 1965, pp.114 ff.}, 
year={2006}, 
volume={11}, 
number={5}, 
pages={33-35}, 
keywords={Computers;Data mining;Films;Heating;Integrated circuits;Microwave amplifiers;Silicon}, 
doi={10.1109/N-SSC.2006.4785860}, 
ISSN={1098-4232}, 
month={Sept},}

@ARTICLE{Chien, 
author={A. A. Chien and V. Karamcheti}, 
journal={Computer}, 
title={Moore's Law: The First Ending and a New Beginning}, 
year={2013}, 
volume={46}, 
number={12}, 
pages={48-53}, 
keywords={flash memories;performance evaluation;Moore's law;adaptive management algorithms;component capacity;flash memory scaling;increase density;information theory;read lifetime reduction;resilience techniques;storage technologies;write lifetime reduction;Capacity planning;Economics;Moore's Law;Predictive models;MLC;Moore's law;eMLC;flash memory;multilayer cells;semiconductor research}, 
doi={10.1109/MC.2013.431}, 
ISSN={0018-9162}, 
month={Dec},}

@ARTICLE{VHDLStd, 
organization={Institute of Electrical and Electronics Engineers}, 
journal={IEEE Std 1076-2008 (Revision of IEEE Std 1076-2002)}, 
title={IEEE Standard VHDL Language Reference Manual}, 
year={2009}, 
pages={c1-626}, 
keywords={hardware description languages;IEEE standard;VHDL language reference manual;VHSIC hardware description language;electronic systems;formal notation;Computer languages;Hardware design languages;IEEE Standards;VHDL;computer languages;electronic systems;hardware;hardware design}, 
doi={10.1109/IEEESTD.2009.4772740}, 
month={Jan},}

@Article{ArchCstd,
author="Azevedo, Rodolfo
and Rigo, Sandro
and Bartholomeu, Marcus
and Araujo, Guido
and Araujo, Cristiano
and Barros, Edna",
title="The ArchC Architecture Description Language and Tools",
journal="International Journal of Parallel Programming",
year="2005",
month="Oct",
day="01",
volume="33",
number="5",
pages="453--484",
abstract="This paper presents an architecture description language (ADL) called ArchC, which is an open-source SystemC-based language that is specialized for processor architecture description. Its main goal is to provide enough information, at the right level of abstraction, in order to allow users to explore and verify new architectures, by automatically generating software tools like simulators and co-verification interfaces. ArchC's key features are a storage-based co-verification mechanism that automatically checks the consistency of a refined ArchC model against a reference (functional) description, memory hierarchy modeling capability, the possibility of integration with other SystemC IPs and the automatic generation of high-level SystemC simulators and assemblers. We have used ArchC to synthesize both functional and cycle-based simulators for the MIPS and Intel 8051 processors, as well as functional models of architectures like SPARC V8, TMS320C62x, XScale and PowerPC.",
issn="1573-7640",
doi="10.1007/s10766-005-7301-0",
url="https://doi.org/10.1007/s10766-005-7301-0"
}

@inproceedings{ArchCEdu,
 author = {Rigo, Sandro and Juliato, Marcio and Azevedo, Rodolfo and Ara\'{u}jo, Guido and Centoducatte, Paulo},
 title = {Teaching Computer Architecture Using an Architecture Description Language},
 booktitle = {Proceedings of the 2004 Workshop on Computer Architecture Education: Held in Conjunction with the 31st International Symposium on Computer Architecture},
 series = {WCAE '04},
 year = {2004},
 isbn = {978-1-4503-4733-4},
 location = {Munich, Germany},
 articleno = {6},
 url = {http://doi.acm.org/10.1145/1275571.1275580},
 doi = {10.1145/1275571.1275580},
 acmid = {1275580},
 publisher = {ACM},
 address = {New York, NY, USA},
}

@INPROCEEDINGS{ArchCPLC, 
author={J. Kohl and D. Fey and J. Bäsig}, 
booktitle={2015 International Conference on Industrial Instrumentation and Control (ICIC)}, 
title={Using ArchC to model a Hard-PLC processor}, 
year={2015}, 
pages={507-511}, 
keywords={control engineering computing;coprocessors;programmable controllers;specification languages;ArchC language;Hard-PLC processor;STL application;architecture description languages;industrial production;processor instruction set simulation;programmable logic controller;Memory management;Multicore processing;Object oriented modeling;Operating systems;Process control;Registers;ADL;ArchC;PLC;SystemC;processor model}, 
doi={10.1109/IIC.2015.7150795}, 
month={May},}

@INPROCEEDINGS{ArchCSoC,
author={J. Walter and J. Lenhardt and W. Schiffmann}, 
booktitle={2013 8th International Workshop on Reconfigurable and Communication-Centric Systems-on-Chip (ReCoSoC)}, 
title={SoC performance evaluation with ArchC and TLM-2.0}, 
year={2013}, 
pages={1-8}, 
keywords={circuit simulation;hardware description languages;instruction sets;integrated circuit design;system-on-chip;ArchC;SoC performance evaluation;SystemC;TLM-2.0 usage;TLM-connected memory hierarchy;architecture description language;binary tool chain generation;fast functional simulation;instruction set level simulation;optimal system architecture;slow timed simulation;system-on-chip design;transaction level modeling;Hardware;Load modeling;Pipelines;Time-domain analysis;Time-varying systems;Timing;ADL;system-on-chip;transaction level modeling}, 
doi={10.1109/ReCoSoC.2013.6581521}, 
month={July},}

@INPROCEEDINGS{ArchCEnergy, 
author={M. Guedes and R. Auler and E. Borin and R. Azevedo}, 
booktitle={2012 23rd IEEE International Symposium on Rapid System Prototyping (RSP)}, 
title={An ArchC approach for automatic energy consumption characterization of processors}, 
year={2012}, 
pages={57-63}, 
keywords={energy consumption;hardware description languages;microprocessor chips;ArchC;MIPS-I HDL description;Plasma processor;Tiwari's method;acSynth;architecture level power analysis;automatic energy consumption characterization;energy profiling;processors;Computational modeling;Energy consumption;Estimation;Libraries;Program processors;Solid modeling;ArchC;acPower;acPowerGen;acSim;acSynth;characterization;consumption;high-level;power;processor;simulation}, 
doi={10.1109/RSP.2012.6380691}, 
ISSN={2150-5500}, 
month={Oct},}

@INPROCEEDINGS{ArchCPower, 
author={T. Gupta and C. Bertolini and O. Heron and N. Ventroux and T. Zimmer and F. Marc}, 
booktitle={2010 22nd International Symposium on Computer Architecture and High Performance Computing}, 
title={High Level Power and Energy Exploration Using ArchC}, 
year={2010}, 
pages={25-32}, 
keywords={multiprocessing systems;power aware computing;system-on-chip;32-bit MIPS processor;MPSoC architectures;Power-ArchC;RTL;compatible processor models;design complexity;energy exploration;high level power;instruction level power characterization;power evaluation infrastructure;processor power consumption estimation;technology library;Accuracy;Computational modeling;Computer architecture;Estimation;Integrated circuit modeling;Logic gates;Power demand;ArchC;ILPC;MIPS R3000;PowerArchC;energy;power consumption}, 
doi={10.1109/SBAC-PAD.2010.13}, 
ISSN={1550-6533}, 
month={Oct},}

@INPROCEEDINGS{ArchCISS, 
author={C. Bechara and N. Ventroux and D. Etiemble}, 
booktitle={ACS/IEEE International Conference on Computer Systems and Applications - AICCSA 2010}, 
title={Towards a parameterizable cycle-accurate ISS in ArchC}, 
year={2010}, 
pages={1-7}, 
keywords={circuit CAD;instruction sets;integrated circuit design;system-on-chip;ArchC 2.0 language;MP-SoC architectures;MiBench embedded benchmark suite;SoC design;SystemC;design complexity;design space solution;parameterizable cycle-accurate ISS;pipeline statistics;processor simulator;Computational modeling;Computer architecture;Hazards;Pipelines;Registers;Synchronization;System-on-a-chip;ADL;Design Space Exploration;ISS;System-on-Chip;cycle-accurate}, 
doi={10.1109/AICCSA.2010.5586945}, 
ISSN={2161-5322}, 
month={May},}

@INPROCEEDINGS{VHDLVerilogCompare, 
author={D. J. Smith}, 
booktitle={33rd Design Automation Conference Proceedings, 1996}, 
title={VHDL and Verilog compared and contrasted-plus modeled example written in VHDL, Verilog and C}, 
year={1996}, 
pages={771-776}, 
keywords={hardware description languages;integrated circuit design;logic CAD;C;RTL;VHDL;Verilog;algorithmic level;greatest common divisor;Application specific integrated circuits;Business;Design automation;Electronic design automation and methodology;Field programmable gate arrays;Hardware design languages;Libraries;Permission;USA Councils}, 
doi={10.1109/DAC.1996.545676}, 
ISSN={0738-100X}, 
month={Jun},}

@INPROCEEDINGS{VHDLVerilogBench, 
author={S. L. Coumeri and D. E. Thomas}, 
booktitle={International Verilog HDL Conference}, 
title={Benchmark descriptions for comparing the performance of Verilog and VHDL simulators}, 
year={1994}, 
pages={37-42}, 
keywords={circuit analysis computing;logic CAD;specification languages;VHDL simulators;Verilog;benchmark descriptions;performance;Arithmetic;Arm;Benchmark testing;Computational modeling;Computer simulation;Counting circuits;Hardware design languages;LAN interconnection;Logic}, 
doi={10.1109/IVC.1994.323750}, 
month={Mar},}

@ARTICLE{ESLMethod, 
author={A. Gerstlauer and C. Haubelt and A. D. Pimentel and T. P. Stefanov and D. D. Gajski and J. Teich}, 
journal={IEEE Transactions on Computer-Aided Design of Integrated Circuits and Systems}, 
title={Electronic System-Level Synthesis Methodologies}, 
year={2009}, 
volume={28}, 
number={10}, 
pages={1517-1530}, 
keywords={electronics industry;hardware-software codesign;network synthesis;electronic system-level synthesis methodology;hardware boundary;software boundary;Electronic system level (ESL);methodology;synthesis}, 
doi={10.1109/TCAD.2009.2026356}, 
ISSN={0278-0070}, 
month={Oct},}

@book{SystemCUP,
 author = {Black, David C. and Donovan, Jack and Bunton, Bill and Keist, Anna},
 title = {SystemC: From the Ground Up, Second Edition},
 year = {2009},
 isbn = {0387699570, 9780387699578},
 edition = {2nd},
 publisher = {Springer Publishing Company, Incorporated},
} 

@ARTICLE{IEEEStdSystemC, 
organization={Institute of Electrical and Electronics Engineers}, 
journal={IEEE Std 1666-2011 (Revision of IEEE Std 1666-2005)}, 
title={IEEE Standard for Standard SystemC Language Reference Manual}, 
year={2012}, 
volume={}, 
number={}, 
pages={1-638}, 
keywords={ANSI standards;C++ language;IEEE standards;ANSI standard C++ class library;IEEE standard;SystemC class library;Computer languages;Discrete event simulation;Electronic design automation and methodology;Embedded software;Hardware design languages;IEEE standards;Programming;System-on-a-chip;C++;IEEE 1666;SystemC;computer languages;digital systems;discrete event simulation;electronic design automation;electronic system level;electronic systems;embedded software;fixed-point;hardware description language;hardware design;hardware verification;system modeling;system-on-chip;transaction level}, 
doi={10.1109/IEEESTD.2012.6134619}, 
ISSN={}, 
month={Jan},}


@inproceedings{LukaiTLM,
 author = {Cai, Lukai and Gajski, Daniel},
 title = {Transaction Level Modeling: An Overview},
 booktitle = {Proceedings of the 1st IEEE/ACM/IFIP International Conference on Hardware/Software Codesign and System Synthesis},
 series = {CODES+ISSS '03},
 year = {2003},
 isbn = {1-58113-742-7},
 location = {Newport Beach, CA, USA},
 pages = {19--24},
 numpages = {6},
 url = {http://doi.acm.org/10.1145/944645.944651},
 doi = {10.1145/944645.944651},
 acmid = {944651},
 publisher = {ACM},
 address = {New York, NY, USA},
 keywords = {exploration, modeling, refinement, synthesis, transaction level model, validation},
} 

@article{GadjskiSpecCSystemC,
author = {Cai, Lukai and Verma, Shireesh and Gajski, Daniel},
year = {2003},
month = {07},
pages = {},
title = {Comparison of SpecC and SystemC Languages for System Design},
journal={Technical Report CECS-03-11}
}

@ARTICLE{newVLSIGajski, 
author={D. D. Gajski and R. H. Kuhn}, 
journal={Computer}, 
title={Guest Editors' Introduction: New VLSI Tools}, 
year={1983}, 
volume={16}, 
number={12}, 
pages={11-14}, 
keywords={Algorithm design and analysis;Computer graphics;Design automation;Design optimization;Expert systems;Integrated circuit synthesis;Programmable logic arrays;Special issues and sections;Very large scale integration}, 
doi={10.1109/MC.1983.1654264}, 
ISSN={0018-9162}, 
month={Dec},}

@Article{Meeus2012,
author="Meeus, Wim
and Van Beeck, Kristof
and Goedem{\'e}, Toon
and Meel, Jan
and Stroobandt, Dirk",
title="An overview of today's high-level synthesis tools",
journal="Design Automation for Embedded Systems",
year="2012",
month="Sep",
day="01",
volume="16",
number="3",
pages="31--51",
abstract="High-level synthesis (HLS) is an increasingly popular approach in electronic design automation (EDA) that raises the abstraction level for designing digital circuits. With the increasing complexity of embedded systems, these tools are particularly relevant in embedded systems design. In this paper, we present our evaluation of a broad selection of recent HLS tools in terms of capabilities, usability and quality of results. Even though HLS tools are still lacking some maturity, they are constantly improving and the industry is now starting to adopt them into their design flows.",
issn="1572-8080",
doi="10.1007/s10617-012-9096-8",
url="https://doi.org/10.1007/s10617-012-9096-8"
}

@book{HLSGajski92,
 author = {Gajski, Daniel D. and Dutt, Nikil D. and Wu, Allen C.-H. and Lin, Steve Y.-L.},
 title = {High-level Synthesis: Introduction to Chip and System Design},
 year = {1992},
 isbn = {0-7923-9194-2},
 publisher = {Kluwer Academic Publishers},
 address = {Norwell, MA, USA},
} 

@MISC{Teich00embeddedsystem,
    author = {Jürgen Teich},
    title = {Embedded System Synthesis and Optimization},
    year = {2000}
}

@INPROCEEDINGS{krishnan98, 
author={V. Krishnan and J. Torrellas}, 
booktitle={Proceedings. 1998 International Conference on Parallel Architectures and Compilation Techniques (Cat. No.98EX192)}, 
title={A direct-execution framework for fast and accurate simulation of superscalar processors}, 
year={1998}, 
volume={}, 
number={}, 
pages={286-293}, 
keywords={parallel architectures;virtual machines;Interface Window;architectural simulator;direct-execution framework;multiprocessor nodes;simulation;superscalar processors;Application software;Computational modeling;Computer science;Computer simulation;Contracts;Discrete event simulation;Emulation;Instruments;Interleaved codes;Multiprocessing systems}, 
doi={10.1109/PACT.1998.727263}, 
ISSN={1089-795X}, 
month={Oct},}


%%%%%%%%%%%%%%%%%%%% Varjão %%%%%%%%%%%%%%%%%

@MastersThesis{dellagiustina2000determinaccao,
  title={Determinação das concentrações de nitrogênio e fósforo dissolvidos em diferentes locais do Rio Itajaí-Açu},
  author={Antônio Dellagiustina},
  year={2000},
  school={Universidade Federai de Santa Catarina},
  address={Florianópolis, SC}
}

@article{Kalra2016,
title = {Influence of temperature and humidity on the output resistance ratio of MQ-135 sensor},
author = {Vandana Kalra and Chaitanya Baweja and Dr Simmarpreet and Supriya Chopa},
journal = {International Journal of Advanced Research in Computer Science and Software Engineering},
volume = {6},
number = {4},
year = {2016},
pages = {423 -- 429},
}

@article{Slamet2018,
	author = {{Widodo, Slamet} and {Amin, M. Miftakul} and {Sutrisman, Adi}},
	title = {The Design of The Monitoring Tools Of Clean Air Condition And Dangerous Gas CO, CO2 CH4 In Chemical Laboratory By Using Fuzzy Logic Based On Microcontroller},
	DOI= "10.1051/e3sconf/20183110008",
	url= "https://doi.org/10.1051/e3sconf/20183110008",
	journal = {E3S Web Conf.},
	year = 2018,
	volume = 31,
	pages = "10008",
}

@INPROCEEDINGS{Simic2016, 
author={M. Simić and G. M. Stojanović and L. Manjakkal and K. Zaraska}, 
booktitle={2016 24th Telecommunications Forum (TELFOR)}, 
title={Multi-sensor system for remote environmental (air and water) quality monitoring}, 
year={2016}, 
volume={}, 
number={}, 
pages={1-4}, 
keywords={air quality;chemical sensors;environmental monitoring (geophysics);organic compounds;pH measurement;readout electronics;remote sensing;sensor fusion;water quality;integrated circuit AD5933;pH sensor readout electronics;volatile organic compounds;water quality monitoring;air quality monitoring;remote environmental quality monitoring;multisensor system;AD5933;temperature and relative humidity measurement;volatile organic compounds;TiO2thick films;pH measurement}, 
doi={10.1109/TELFOR.2016.7818711}, 
ISSN={}, 
month={Nov},}

@misc{Lorena2018,
author = {Susana Lorena},
title = {Amônia},
month = jul,
year = {2018},
howpublished={\url{https://www.infoescola.com/compostos-quimicos/amonia/}}
}

@misc{AKSO2018a,
author = {AKSO},
title = {Detector de Amônia - SP2nd NH3},
month = jul,
year = {2018},
howpublished={\url{https://loja.akso.com.br/produto/detector-de-amonia---sp2nd-nh3-252?dfw_tracker=27060-252&gclid=EAIaIQobChMIqauXxpbK3AIVSUwNCh26pgqnEAYYASABEgICLPD_BwE}}
}

@misc{AKSO2018b,
author = {AKSO},
title = {Detector de Amônia Pro},
month = jul,
year = {2018},
howpublished={\url{https://loja.akso.com.br/produto/detector-de-amonia-pro-549?dfw_tracker=27060-549&gclid=EAIaIQobChMIqauXxpbK3AIVSUwNCh26pgqnEAYYAiABEgLCePD_BwE}}
}

@misc{mq-1352018,
author = {Waveshare},
title = {TECHNICAL DATA MQ-135 GAS SENSOR},
month = jul,
year = {2018},
howpublished={\url{https://img.filipeflop.com/files/download/Sensor_de_gas_MQ-135.pdf}}
}

@techreport{Silva2017,
  title={Protótipo de monitoramento de amônia para uma granja universitária},
  author={HUMBERTO PEDRO DA SILVA},
  year={2017},
  type={BACHARELADO EM {Ciência da Computação}},
  institution={Universidade Estadual do Norte do Paraná},
  address={Bandeirantes, PR}
}

